@report{Mell2011,
   author = {Peter Mell and Timothy Grance},
   month = {9},
   pages = {2-3},
   title = {The NIST Definition of Cloud Computing Recommendations of the National Institute of Standards and Technology},
   url = {http://faculty.winthrop.edu/domanm/csci411/Handouts/NIST.pdf},
   year = {2011},
}
